LSTM poprve
@article{Hochreiter:1997:LSM:1246443.1246450,
	author = {Hochreiter, Sepp and Schmidhuber, J\"{u}rgen},
	title = {{Long Short-Term Memory}},
	journal = {Neural Computation},
	issue_date = {November 15, 1997},
	volume = {9},
	number = {8},
	month = nov,
	year = {1997},
	issn = {0899-7667},
	pages = {1735--1780},
	numpages = {46},
	url = {http://dx.doi.org/10.1162/neco.1997.9.8.1735},
	doi = {10.1162/neco.1997.9.8.1735},
	acmid = {1246450},
	publisher = {MIT Press},
	address = {Cambridge, MA, USA},
}

GRU poprve
@article{DBLP:journals/corr/ChoMGBSB14,
	author    = {Kyunghyun Cho and
	Bart van Merrienboer and
	{\c{C}}aglar G{\"{u}}l{\c{c}}ehre and
	Fethi Bougares and
	Holger Schwenk and
	Yoshua Bengio},
	title     = {{Learning Phrase Representations using {RNN} Encoder-Decoder for Statistical
	Machine Translation}},
	journal   = {CoRR},
	volume    = {abs/1406.1078},
	year      = {2014},
	url       = {http://arxiv.org/abs/1406.1078},
	timestamp = {Wed, 02 Jul 2014 08:24:58 +0200},
	biburl    = {http://dblp.uni-trier.de/rec/bib/journals/corr/ChoMGBSB14},
	bibsource = {dblp computer science bibliography, http://dblp.org}
}

GRU vs. LSTM ohodnoceni
@article{DBLP:journals/corr/GreffSKSS15,
	author    = {Klaus Greff and
	Rupesh Kumar Srivastava and
	Jan Koutn{\'{\i}}k and
	Bas R. Steunebrink and
	J{\"{u}}rgen Schmidhuber},
	title     = {{LSTM: A Search Space Odyssey}},
	journal   = {CoRR},
	volume    = {abs/1503.04069},
	year      = {2015},
	url       = {http://arxiv.org/abs/1503.04069},
	timestamp = {Thu, 09 Apr 2015 11:33:20 +0200},
	biburl    = {http://dblp.uni-trier.de/rec/bib/journals/corr/GreffSKSS15},
	bibsource = {dblp computer science bibliography, http://dblp.org}
}

Coco clanek z googlu
@article{DBLP:journals/corr/VinyalsTBE14,
	author    = {Oriol Vinyals and
	Alexander Toshev and
	Samy Bengio and
	Dumitru Erhan},
	title     = {{Show and Tell: A Neural Image Caption Generator}},
	journal   = {CoRR},
	volume    = {abs/1411.4555},
	year      = {2014},
	url       = {http://arxiv.org/abs/1411.4555},
	timestamp = {Mon, 01 Dec 2014 14:32:13 +0100},
	biburl    = {http://dblp.uni-trier.de/rec/bib/journals/corr/VinyalsTBE14},
	bibsource = {dblp computer science bibliography, http://dblp.org}
}
obecne sekvence
@article{DBLP:journals/corr/SutskeverVL14,
	author    = {Ilya Sutskever and
	Oriol Vinyals and
	Quoc V. Le},
	title     = {{Sequence to Sequence Learning with Neural Networks}},
	journal   = {CoRR},
	volume    = {abs/1409.3215},
	year      = {2014},
	url       = {http://arxiv.org/abs/1409.3215},
	timestamp = {Wed, 01 Oct 2014 15:00:04 +0200},
	biburl    = {http://dblp.uni-trier.de/rec/bib/journals/corr/SutskeverVL14},
	bibsource = {dblp computer science bibliography, http://dblp.org}
}

Coco clanek z Toronta
@article{DBLP:journals/corr/XuBKCCSZB15,
	author    = {Kelvin Xu and
	Jimmy Ba and
	Ryan Kiros and
	Kyunghyun Cho and
	Aaron C. Courville and
	Ruslan Salakhutdinov and
	Richard S. Zemel and
	Yoshua Bengio},
	title     = {{Show, Attend and Tell: Neural Image Caption Generation with Visual Attention}},
	journal   = {CoRR},
	volume    = {abs/1502.03044},
	year      = {2015},
	url       = {http://arxiv.org/abs/1502.03044},
	timestamp = {Mon, 02 Mar 2015 14:17:34 +0100},
	biburl    = {http://dblp.uni-trier.de/rec/bib/journals/corr/XuBKCCSZB15},
	bibsource = {dblp computer science bibliography, http://dblp.org}
}

Coco clanek z Microsoftu
@article{DBLP:journals/corr/FangGISDDGHMPZZ14,
	author    = {Hao Fang and
	Saurabh Gupta and
	Forrest N. Iandola and
	Rupesh K. Srivastava and
	Li Deng and
	Piotr Doll{\'{a}}r and
	Jianfeng Gao and
	Xiaodong He and
	Margaret Mitchell and
	John C. Platt and
	C. Lawrence Zitnick and
	Geoffrey Zweig},
	title     = {{From Captions to Visual Concepts and Back}},
	journal   = {CoRR},
	volume    = {abs/1411.4952},
	year      = {2014},
	url       = {http://arxiv.org/abs/1411.4952},
	timestamp = {Sat, 17 Oct 2015 13:16:22 +0200},
	biburl    = {http://dblp.uni-trier.de/rec/bib/journals/corr/FangGISDDGHMPZZ14},
	bibsource = {dblp computer science bibliography, http://dblp.org}
}

Coco clanek z berkeley
@article{DBLP:journals/corr/DonahueHGRVSD14,
	author    = {Jeff Donahue and
	Lisa Anne Hendricks and
	Sergio Guadarrama and
	Marcus Rohrbach and
	Subhashini Venugopalan and
	Kate Saenko and
	Trevor Darrell},
	title     = {{Long-term Recurrent Convolutional Networks for Visual Recognition and Description}},
	journal   = {CoRR},
	volume    = {abs/1411.4389},
	year      = {2014},
	url       = {http://arxiv.org/abs/1411.4389},
	timestamp = {Mon, 01 Dec 2014 14:32:13 +0100},
	biburl    = {http://dblp.uni-trier.de/rec/bib/journals/corr/DonahueHGRVSD14},
	bibsource = {dblp computer science bibliography, http://dblp.org}
}

BLEU paper
@inproceedings{Papineni:2002:BMA:1073083.1073135,
	author = {Papineni, Kishore and Roukos, Salim and Ward, Todd and Zhu, Wei-Jing},
	title = {{BLEU: A Method for Automatic Evaluation of Machine Translation}},
	booktitle = {Proceedings of the 40th Annual Meeting on Association for Computational Linguistics},
	series = {ACL '02},
	year = {2002},
	location = {Philadelphia, Pennsylvania},
	pages = {311--318},
	numpages = {8},
	url = {http://dx.doi.org/10.3115/1073083.1073135},
	doi = {10.3115/1073083.1073135},
	acmid = {1073135},
	publisher = {Association for Computational Linguistics},
	address = {Stroudsburg, PA, USA},
}

CIDEr paper
@article{DBLP:journals/corr/VedantamZP14a,
	author    = {Ramakrishna Vedantam and
	C. Lawrence Zitnick and
	Devi Parikh},
	title     = {{CIDEr: Consensus-based Image Description Evaluation}},
	journal   = {CoRR},
	volume    = {abs/1411.5726},
	year      = {2014},
	url       = {http://arxiv.org/abs/1411.5726},
	timestamp = {Mon, 01 Dec 2014 14:32:13 +0100},
	biburl    = {http://dblp.uni-trier.de/rec/bib/journals/corr/VedantamZP14a},
	bibsource = {dblp computer science bibliography, http://dblp.org}
}

METEOR paper
@inproceedings{Lavie:2007:MAM:1626355.1626389,
	author = {Lavie, Alon and Agarwal, Abhaya},
	title = {{METEOR: An Automatic Metric for MT Evaluation with High Levels of Correlation with Human Judgments}},
	booktitle = {Proceedings of the Second Workshop on Statistical Machine Translation},
	series = {StatMT '07},
	year = {2007},
	location = {Prague, Czech Republic},
	pages = {228--231},
	numpages = {4},
	url = {http://dl.acm.org/citation.cfm?id=1626355.1626389},
	acmid = {1626389},
	publisher = {Association for Computational Linguistics},
	address = {Stroudsburg, PA, USA},
} 